<?xml version="1.0" encoding="UTF-8"?><collection xmlns="http://www.loc.gov/MARC21/slim"><record><leader>00577nam--2200193-u-4500</leader><controlfield tag="001">000055798</controlfield><controlfield tag="002">20161230</controlfield><controlfield tag="005">20161230201052</controlfield><controlfield tag="008">130705s1000------------r-----000-0-eng-d</controlfield><datafield ind1=" " ind2=" " tag="020"><subfield code="a">9780857091154</subfield></datafield><datafield ind1=" " ind2=" " tag="040"><subfield code="a">IFIN-HH</subfield></datafield><datafield ind1=" " ind2=" " tag="080"><subfield code="a">614.8</subfield></datafield><datafield ind1="1" ind2=" " tag="100"><subfield code="a">Laraia, Michelle</subfield></datafield><datafield ind1="1" ind2="0" tag="245"><subfield code="a">Nuclear decommissioning</subfield><subfield code="b">Planning, execution and international experience</subfield><subfield code="c">Michelle laraia (ed.)</subfield></datafield><datafield ind1=" " ind2=" " tag="260"><subfield code="a">Cambridge</subfield><subfield code="b">Woodhead Publishing Limited</subfield><subfield code="c">2012</subfield></datafield><datafield ind1=" " ind2=" " tag="300"><subfield code="a">XXX+824P</subfield></datafield><datafield ind1=" " ind2=" " tag="490"><subfield code="a">Woodhead Publishing Series In Energy</subfield></datafield><datafield ind1=" " ind2=" " tag="852"><subfield code="a">82363</subfield><subfield code="c">614.8</subfield></datafield><datafield ind1=" " ind2=" " tag="CAT"><subfield code="a">Sys</subfield><subfield code="c">20130705</subfield><subfield code="h">142221</subfield></datafield></record></collection>